@article{Schmitt2015,
annote = {Einleitung},
author = {Schmitt, Katharina},
file = {:Users/Romana/Downloads/personalmagazin-042015-personalmagazin-298262.pdf:pdf},
journal = {Personalmagazin},
title = {{Verordnen geht nicht}},
volume = {4},
year = {2015}
}
@book{Blocher2015,
abstract = {Herausforderungen und Best Practices der Arbeitswe},
author = {Bl{\"{o}}cher, Annette},
booktitle = {Arbeitskultur 2020},
doi = {10.1007/978-3-658-06092-3_19},
file = {:Users/Romana/Downloads/bok{\%}3A978-3-658-06092-3.pdf:pdf},
isbn = {9783658060916},
pages = {279--289},
title = {{F{\"{u}}hrung ist Vertrauenssache!}},
url = {http://link.springer.com/10.1007/978-3-658-06092-3{\_}13{\%}5Cnhttp://link.springer.com/10.1007/978-3-658-06092-3{\_}19},
year = {2015}
}
@book{Homma2013,
abstract = {Predicting the binding mode of flexible polypeptides to proteins is an important task that falls outside the domain of applicability of most small molecule and protein−protein docking tools. Here, we test the small molecule flexible ligand docking program Glide on a set of 19 non-$\alpha$-helical peptides and systematically improve pose prediction accuracy by enhancing Glide sampling for flexible polypeptides. In addition, scoring of the poses was improved by post-processing with physics-based implicit solvent MM- GBSA calculations. Using the best RMSD among the top 10 scoring poses as a metric, the success rate (RMSD ≤ 2.0 {\AA} for the interface backbone atoms) increased from 21{\%} with default Glide SP settings to 58{\%} with the enhanced peptide sampling and scoring protocol in the case of redocking to the native protein structure. This approaches the accuracy of the recently developed Rosetta FlexPepDock method (63{\%} success for these 19 peptides) while being over 100 times faster. Cross-docking was performed for a subset of cases where an unbound receptor structure was available, and in that case, 40{\%} of peptides were docked successfully. We analyze the results and find that the optimized polypeptide protocol is most accurate for extended peptides of limited size and number of formal charges, defining a domain of applicability for this approach.},
archivePrefix = {arXiv},
arxivId = {arXiv:1011.1669v3},
author = {Homma, Norbert},
booktitle = {Journal of Chemical Information and Modeling},
doi = {10.1017/CBO9781107415324.004},
eprint = {arXiv:1011.1669v3},
file = {:Users/Romana/Downloads/bok{\%}3A978-3-658-02411-6.pdf:pdf},
isbn = {9788578110796},
issn = {1098-6596},
keywords = {icle},
number = {9},
pages = {1689--1699},
pmid = {25246403},
title = {{Einf{\"{u}}hrung Unternehmenskultur}},
volume = {53},
year = {2013}
}
@article{Baetge2007,
abstract = {Im Rahmen einer {\"{u}}bergreifenden Analyse empirischer Arbeiten wird der State-of-the-Art der Forschung zum Zusammenhang von Unternehmenskultur und Unternehmenserfolg dargelegt. Neben der inhaltlichen Analyse des Zusammenhangs liegt der Schwerpunkt des nachfolgenden Beitrags auf einem Review der Messung von Unternehmenskultur und Unternehmenserfolg, wie sie sich in den betrachteten Zusammenhangsanalysen zeigt. Aufbauend hierauf werden die Grundz{\"{u}}ge je eines Konzeptes zur Messung der Unternehmenskultur und des Unternehmenserfolges entwickelt, welche als Ausgangsbasis verstanden werden k{\"{o}}nnen, um in weiterf{\"{u}}hrenden Untersuchungen den Zusammenhang von Unternehmenskultur und Unternehmenserfolg f{\"{u}}r die unterschiedlichsten Unternehmen zu bestimmen.},
author = {Baetge, J{\"{o}}rg and Schewe, Gerhard and Schulz, Roland and Solmecke, Henrik},
doi = {10.1007/s11301-007-0027-x},
file = {:Users/Romana/Downloads/za.pdf:pdf},
issn = {0344-9327},
journal = {Journal f{\"{u}}r Betriebswirtschaft},
keywords = {Erfolgsfaktoren,Unternehmenskultur},
number = {3-4},
pages = {183--219},
title = {{Unternehmenskultur und Unternehmenserfolg: Stand der empirischen Forschung und Konsequenzen f{\"{u}}r die Entwicklung eines Messkonzeptes}},
volume = {57},
year = {2007}
}
@article{Maracine2007,
abstract = {The studies and researches unde rtaken have demonstrated the importance of studying organisational culture because of the practical valences it presents and because it contributes to increasing the organisation's performance. The analysis of the organisational culture's dimensions allows observing human behaviour within the organisation and high lighting reality, ident ifying the strengths and also the weaknesses which have an impact on its functionality and development. In this paper, we try to present some models for assessing organisational culture.},
author = {Maracine, Mihaela Simona},
file = {:Users/Romana/Downloads/EVMM-11.pdf:pdf},
journal = {International Journal of Organisational Behaviour},
keywords = {assessment,dimensions,model,organisational culture,performance},
number = {2},
pages = {595},
title = {{Organisational culture analysis model}},
volume = {9},
year = {2007}
}
@book{Diesner2008,
address = {Wiesbaden},
author = {Diesner, Ilona},
doi = {10.1007/978-3-8349-8088-5},
edition = {1},
file = {:Users/Romana/Downloads/Bildungsmanagement.pdf:pdf},
isbn = {9783834908865},
keywords = {Bildungsmanagement,Personalentwicklung (S. 48)},
publisher = {Gabler Verlag},
title = {{Bildungsmanagement in Unternehmen. Konzeptualisierung einer Theorie auf der normativen und strategieschen Ebene}},
year = {2008}
}
@book{Nerdinger2009,
abstract = {Der permanente Wandel ist zum wesentlichen Kennzeichen der Wirtschaftspraxis geworden. Diesen Wandel bew{\"{a}}ltigen solche Unternehmen am besten, die auf eine st{\"{a}}rkere Beteiligung der Arbeitnehmerinnen und Arbeitnehmer setzen. Die Autoren des vorliegenden Bandes- sowohl Forscher als auch Unternehmenspraktiker- gehen der Frage nach, welche Bedingungen f{\"{u}}r eine beteiligungsorientierte Unternehmenskultur vorliegen m{\"{u}}ssen und wie diese sich auf den Erfolg von Unternehmen auswirkt. Dargestellt werden Ergebnisse des Projektes"TiM - Transfer innovativer Unternehmensmilieus", das vom Bundesministerium f{\"{u}}r Bildung und Forschung gef{\"{o}}rdert wurde. Ziel war es, die Unternehmenskultur in neun Unternehmen sowie das Zusammenspiel von materiellen und immateriellen Beteiligungsformen der Mitarbeiter in den Unternehmen zu untersuchen. Es wird gezeigt, dass Unternehmen, die {\"{u}}ber eine beteiligungsorientierte Unternehmenskultur verf{\"{u}}gen, externe Herausforderungen besser bew{\"{a}}ltigen k{\"{o}}nnen.. H1  - FH Stralsund H2  -  H1  - HAWK HHG H2  -  H1  - HAW Hamburg H2  -  H1  - ULB Halle H2  - ebook H1  - UB Lueneburg H2  -  H1  - HS Wismar H2  -  H1  - HSB Emden/Leer H2  -  H1  - UB Potsdam H2  -  H1  - TIB/UB Hannover H2  -  H1  - UB Clausthal H2  -  H1  - HS Neubrandenburg H2  -  H1  - UB Braunschweig H2  -  H1  - MZB Magdeburg H2  -  H1  - European Business School H2  -  H1  - THULB Jena H2  -  H1  - FH Hannover H2  -  H1  - HS Osnabrueck H2  -  H1  - TUB Hamburg H2  -  H1  - HS Magdeburg-Stendal H2  -  H1  - Ostfalia Wolfenb{\"{u}}ttel H2  -  H1  - Bibl. Kurt-Schwitters-F. H2  -  H1  - HAWK HHG H2  -  H1  - SUB+Uni Hamburg H2  -  H1  - Jade HSB Elsfleth H2  -  H1  - Jade HSB Wilhelmshaven H2  -  H1  - HSU Hamburg H2  -  H1  - UB Osnabr{\"{u}}ck H2  -  H1  - HS MD-SDL (Stendal) H2  -  H1  - UB Rostock H2  -  H1  - UB Magdeburg H2  -  H1  - UB Greifswald H2  -  H1  - SUB Bremen H2  -  H1  - Jade HSB Oldenburg H2  - TS  - GBV - Gemeinsamer Bibliotheksverbund},
author = {Nerdinger, Friedemann W and Wilke, Peter},
booktitle = {Erfolgsfaktoren, Praxisbeispiele und Handlungskonzepte},
doi = {10.1007/978-3-8349-8064-9},
file = {:Users/Romana/Downloads/bok{\%}3A978-3-8349-8064-9.pdf:pdf},
isbn = {9783834980649},
keywords = {ECONOMICS,INDUSTRIAL management},
title = {{Beteiligungsorientierte Unternehmenskultur}},
year = {2009}
}
@article{Nerdinger2007,
abstract = {Das Projekt „TiM – Transfer innovativer Unternehmensmilieus“ ist ein vom BMB+F gef{\"{o}}rdertes Verbundprojekt und},
archivePrefix = {arXiv},
arxivId = {arXiv:1011.1669v3},
author = {Nerdinger, Friedemann W.},
doi = {10.1017/CBO9781107415324.004},
eprint = {arXiv:1011.1669v3},
file = {:Users/Romana/Downloads/55287{\_}messung{\_}unternehmenskultur.pdf:pdf},
isbn = {9788578110796},
issn = {1098-6596},
journal = {M{\"{o}}glichkeiten, Einordnung und Konsequenzen f{\"{u}}r ein {\ldots}},
pages = {1--73},
pmid = {25246403},
title = {{Ans{\"{a}}tze zur Messung von Unternehmenskultur, M{\"{o}}glichkeiten, Einordnung und Konsequenzen f{\"{u}}r ein neues Instrument}},
url = {http://www.econbiz.de/archiv1/2008/55287{\_}messung{\_}unternehmenskultur.pdf{\#}page=8},
year = {2007}
}
@book{Berchtold-Ledergerber2010,
abstract = {Obwohl Messungen zur Arbeitszufriedenheit und -motivation gerne als interne Angelegenheit durchgef{\"{u}}hrt werden und die Messwerte auch h{\"{a}}ufigintern bleiben, k{\"{o}}nnen ver{\"{o}}ffentlichte Untersuchungen stellvertretend Aussagen zu Einstellungen zur Organisation, Arbeit und Arbeitsumfeld aufzeigen. Gutknecht (2005/06) befragte zwischen 2003 und 2005 knapp 400 Arbeitnehmende aus der IT-Branche und dem Berufsmilit{\"{a}}r bez{\"{u}}glich ihrer organisationsspezifi schen Einstellungen. Seine Ergebnisse beziehen sich besonders auf die Wahrnehmung von belastenden zwischenmenschlichen Beziehungen in der Organisation. Gutknecht geht davon aus, dass diese Wahrnehmung sich indirekt negativ auf die Einstellung der Organisation gegen{\"{u}}ber auswirkt. Nachfolgend sind jene Ergebnisse dargestellt, die besonders deutlich hervorgetreten sind: • Das »Commitment« hat sich in allen Stichproben als der beste Pr{\"{a}}diktor hinsichtlich der K{\"{u}}ndigungsabsichten herausstellt. Als besonders relevant zur Vorhersage des »Commitments« bezeichnet Gutknecht die Kontextfaktoren: »W{\"{a}}hrend die Zufriedenheit mit den Kollegen, mit der Arbeitsplatzsicherheit und in geringerem Ausma{\ss} mit der H{\"{o}}he des Lohns verh{\"{a}}ltnism{\"{a}}{\ss}ig gro{\ss} ist, werden die Facetten Lohngerechtigkeit, Zukunftsaussichten und der F{\"{u}}hrungsstil in der Organisation weniger gut beurteilt«. • Der F{\"{u}}hrungsstil ist durchweg kritisch beurteilt worden – sowohl auf Stufe der Organisation wie auch in Bezug zu Chef-Mitarbeiter- Beziehungen. Dabei zeigt sich, dass die Beziehung zwischen Arbeitnehmenden und Vorgesetzten bedeutsam sein kann: »Unabh{\"{a}}ngig von Rang, Alter oder auch Arbeitszeit sind Personen, die von einer guten Beziehung zum Vorgesetzten berichten, allgemein zufriedener, resignieren weniger und generieren auch in unsicheren Zeiten weniger K{\"{u}}ndigungsabsichten. Zudem beurteilen sie das intrinsische Motivationspotenzial wie auch die Kontextfaktoren vorteilhafter, selbst wenn in vielen F{\"{a}}llen diese Aspekte vom direkten Vorgesetzten kaum aktiv beeinfl usst werden d{\"{u}}rften«. • Die Frage, ob »der direkte Vorgesetzte die Entwicklungsm{\"{o}}glichkeiten des Unterstellten erkennt«, verneinen viele der Befragten in beiden Stichproben. Dar{\"{u}}ber hinaus werden aber auch mangelnde Unterst{\"{u}}tzung, fehlender Respekt und mangelnde Fairness als Mangel in der Beziehung zum Vorgesetzten mitgeteilt.},
author = {Berchtold-Ledergerber, Verena},
booktitle = {Angewandte Psychologie f{\"{u}}r das Human Resource Management},
doi = {10.1007/978-3-642-12481-5},
file = {:Users/Romana/Downloads/Organisationskultur – Analyse, Gestaltung und Entwicklung  .pdf:pdf},
isbn = {978-3-642-12480-8},
issn = {00039101},
pages = {S.165--178},
pmid = {451},
title = {{Angewandte Psychologie f{\"{u}}r das Human Resource Management}},
url = {http://link.springer.com/10.1007/978-3-642-12481-5},
year = {2010}
}
@book{Eberhardt2013,
abstract = {Culture Matters! Organisationskultur gilt vermeintlich als "soft factor" einer Organisation und ist doch in der Realit{\"{a}}t einer der "h{\"{a}}rtesten Faktoren" des Unternehmenserfolges! Gepr{\"{a}}gt wird sie von Einzelpersonen, Arbeitsgruppen und von der F{\"{u}}hrung ebenso wie von den Wertvorstellungen ganzer Branchen, Gesellschaften und Kulturen. - Doch wie kann die Kultur eines Unternehmens in der Praxis gezielt analysiert und beeinflusst werden? In jedem Fall erfordert es eine aktive Auseinandersetzung mit den Mitarbeitern, ein bewusstes Hinschauen, Zeit und Investition - wie diese spannenden Praxiseinblicke zeigen! Best-Practice-F{\"{a}}lle: Praktisch erprobt - fachlich fundiert - systematisch reflektiert! -Praxisf{\"{a}}lle aus internationalen Unternehmen, {\"{o}}ffentlichen Organisationen und KMU aus unterschiedlichen Branchen, die sich durch ihren fokussierten Umgang mit kulturellen Themen hervortun und z.T. f{\"{u}}r ihre mitarbeiterorientierte Kultur preisgekr{\"{o}}nt wurden -Erfahrungen, Erfolgskriterien, Ursachen f{\"{u}}r R{\"{u}}ckschl{\"{a}}ge und konkrete, neue Handlungsempfehlungen f{\"{u}}r die Kulturentwicklung -F{\"{u}}r Organisations- und Personalentwickler sowie F{\"{u}}hrungskr{\"{a}}fte Die Autoren Das Buch entstand in Zusammenarbeit mit Mitwirkenden der erfolgreichen Veranstaltungsreihe "IAP Impuls", Expertinnen und Experten sowie Fachkollegen des IAP Institut f{\"{u}}r Angewandte Psychologie in Z{\"{u}}rich und der ZHAW Z{\"{u}}rcher Hochschule f{\"{u}}r Angewandte Wissenschaften. Sch{\"{a}}rfen Sie den Blick f{\"{u}}r die kulturellen Muster einer Organisation und deren Ver{\"{a}}nderungsm{\"{o}}glichkeiten!},
author = {Eberhardt, Daniela},
booktitle = {Springer Gabler},
doi = {10.1007/978-3-642-40910-3},
file = {:Users/Romana/Downloads/Culture matters – aber wie? Impulse zum Ph{\"{a}}nomen Organisationskultur.pdf:pdf},
isbn = {9783642409097},
pages = {241},
title = {{Unternehmenskultur aktiv gestalten}},
year = {2013}
}
@article{Paper2007,
author = {Paper, Conference and Wirtschaftsuniversit, Gerhard Fink and Living, Schwarzian and View, Systems},
file = {:Users/Romana/Downloads/dauber{\_}fink{\_}yolles{\_}2012.pdf:pdf},
number = {August},
pages = {1--7},
title = {{Exploring organizational culture dynamics via a generic configuration model of organizational culture Daniel Dauber,}},
year = {2007}
}
@book{Chang2007,
abstract = {Purpose – This paper aims to examine the influence of organization culture on the effectiveness of implementing information security management (ISM). Design/methodology/approach – Based on a literature review, a model of the relationship between organizational culture and ISM was formulated, and both organizational culture characteristics and ISM effectiveness were measured empirically to investigate how various organizational culture traits influenced ISM principles, by administrating questionnaires to respondents in organizations with significant use of information systems. Findings – Four regression models were derived to quantify the impacts of organizational culture traits on the effectiveness of implementing ISM. Whilst the control-oriented organizational culture traits, effectiveness and consistency, have strong effect on the ISM principles of confidentiality, integrity, availability and accountability, the flexibility-oriented organizational culture traits, cooperativeness and innovativeness, are not significantly associated with the ISM principles with one exception that cooperativeness is negatively related to confidentiality. Research limitations/implications – The sample is limited to the organizational factors in Taiwan. It is suggested to replicate this study in other countries to reconfirm the result before adopting its general implications. Owing to the highly intrusive nature of ISM surveys, a cautious approach with rapport and trust is a key success factor in conducting empirical studies on ISM. Practical implications – A culture conducive to information security practice is extremely important for organizations since the human dimension of information security cannot totally be solved by technical and management measures. For understanding and improving the organization behavior with regard to information security, enterprises may look into organizational culture and examine how it affects the effectiveness of implementing ISM. Originality/value – A research model was proposed to study the impacts of organizational factors on ISM, after a broad survey on related researches. The validated model and its corresponding study results can be referenced by enterprise managers and decision makers to make favorable tactics for achieving their goals of ISM – mitigating information security risks.},
author = {Chang, Shuchih Ernest and Lin, Chin-Shien Shien and Ho, Chienta Bruce and Knapp, Kenneth J and Marshall, Thomas E and Rainer, R Kelly and Lin, Chin-Shien Shien},
booktitle = {Industrial Management and Data Systems},
doi = {10.1108/02635570710734316},
file = {:Users/Romana/Downloads/IMDS5317.pdf:pdf},
isbn = {0263557061065},
issn = {0263-5577},
keywords = {Data security,Information systems,Organizational culture},
number = {3},
pages = {438--538},
title = {{Exploring organizational culture for information security management}},
url = {http://dx.doi.org/10.1108/02635570710734316{\%}5Cnhttp://dx.doi.org/10.1108/02635570610653498{\%}5Cnhttp://{\%}5Cnhttp://dx.doi.org/10.1108/09685220610648355},
volume = {107},
year = {2007}
}
@article{Hartnell2011,
abstract = {We apply Quinn and Rohrbaugh's (1983) competing values framework (CVF) as an organizing taxonomy to meta-analytically test hypotheses about the relationship between 3 culture types and 3 major indices of organizational effectiveness (employee attitudes, operational performance [i.e., innovation and product and service quality], and financial performance). The paper also tests theoretical suppositions undergirding the CVF by investigating the framework's nomological validity and proposed internal structure (i.e., interrelationships among culture types). Results based on data from 84 empirical studies with 94 independent samples indicate that clan, adhocracy, and market cultures are differentially and positively associated with the effectiveness criteria, though not always as hypothesized. The findings provide mixed support for the CVF's nomological validity and fail to support aspects of the CVF's proposed internal structure. We propose an alternative theoretical approach to the CVF and delineate directions for future research.},
author = {Hartnell, Chad A and Ou, Amy Yi and Kinicki, Angelo},
doi = {10.1037/a0021987},
file = {:Users/Romana/Downloads/960dd2dd653aaaeab9ade231795832519587 (1).pdf:pdf},
isbn = {00219010},
issn = {0021-9010},
journal = {Journal of Applied Psychology},
keywords = {10,1037,a0021987,doi,dx,http,meta-analysis,org,organizational culture,organizational effectiveness,supp,supplemental materials},
number = {4},
pages = {677--694},
pmid = {21244127},
title = {{Organizational culture and organizational effectiveness: a meta-analytic investigation of the competing values framework's theoretical suppositions.}},
volume = {96},
year = {2011}
}
@article{Jung2009,
abstract = {organizational culture is widely considered to be one of the most significant factors in reforming and modernizing public administration and service delivery. This article documents the findings of a literature review of exisiting qualitative and quantitative instruments for the exploration of organizational culture. Seventy instruments are identified of which 48 could be submitted to psychometric assessment. The majority of these are at a preliminary stage of development. The study's conclusion is that ther is no ideal instrument for cultural exploration. The degree to which any measure is seen as "fit for purpose" depends on the particular reason for which it is to be used and the context within which it is to be applied.},
author = {Jung, Tobias and Scott, Tim and Davies, Huw T O and Bower, Peter and Whalley, Diane and McNally, Rosalind and Mannion, Russell},
doi = {10.1111/j.1540-6210.2009.02066.x},
file = {:Users/Romana/Downloads/Instruments{\_}for{\_}Exploring{\_}Organizational{\_}Culture{\_}A.pdf:pdf},
isbn = {0033335215406210},
issn = {00333352},
journal = {Public Administration Review},
number = {6},
pages = {1087--1096},
pmid = {853877528},
title = {{Instruments for exploring organizational culture: A review of the literature}},
volume = {69},
year = {2009}
}
